@article{nguyen2008adaptive,
  title={An adaptive solar photovoltaic array using model-based reconfiguration algorithm},
  author={Nguyen, Dzung and Lehman, Brad},
  journal={IEEE Transactions on Industrial Electronics},
  volume={55},
  number={7},
  pages={2644--2654},
  year={2008},
  publisher={IEEE}
}
@article{storey2013improved,
  title={Improved optimization strategy for irradiance equalization in dynamic photovoltaic arrays},
  author={Storey, Jonathan P and Wilson, Peter R and Bagnall, Darren},
  journal={IEEE transactions on power electronics},
  volume={28},
  number={6},
  pages={2946--2956},
  year={2013},
  publisher={IEEE}
}