@article{hayes,
    author =       "{D. Neil Hayes et al.}",
    title =        "{\emph{Gene Expression Profiling Reveals Reproducible Human Lung Adenocarcinoma Subtypes in Multiple Independent Patient Cohorts}}",
    journal =      "American Society of Clinical Oncology",
    volume =       "24",
    number =       "31",
    pages =        "5079--5090",
    year =         "2006",
    DOI =          "J Clin Oncol 24:5079-5090"
}

@article{cons,
    author=       "{Monti et al.}",
    title=        "{\emph{Consensus Clustering: A Resampling-Based Method for Class Discovery and Visualization of Gene Expression Microarray Data}}",
    journal=      "Machine Learning",
    volume=       "52",
    number=       "1",
    pages=        "91--118",
    year=         "2003",
    doi=          "10.1023/A:1023949509487"
}

@article{wilk,
    author =       "{Wilkerson MD, Yin X, Walter V, Zhao N, Cabanski CR, et al.}",
    title =        "{\emph{Differential Pathogenesis of Lung Adenocarcinoma Subtypes Involving Sequence Mutations, Copy Number, Chromosomal Instability, and Methylation}}",
    journal =      "PLoS ONE",
    volume =       "7",
    number =       "5",
    pages =        "e36530",
    year =         "2012",
    DOI =          "10.1371/journal.pone.0036530"
}

@Article{consensusPlus,
    author="Wilkerson MD, Hayes DN",
    title="\emph{ConsensusClusterPlus: a class discovery tool with confidence assessments and item tracking}",
    journal="Bioinformatics",
    year="2010",
    volume="26",
    number="12",
    pages="1572--1573",
    doi="10.1093/bioinformatics/btq170",
    url="https://www.bioconductor.org/packages/devel/bioc/vignettes/ConsensusClusterPlus/inst/doc/ConsensusClusterPlus.pdf"
}

@article{TCGA,
    author =       "{The Cancer Genome Atlas Research Network}",
    title =        "{\emph{Comprehensive molecular profiling of lung adenocarcinoma}}",
    journal =      "Nature",
    volume =       "511",
    pages =        "543-550",
    year =         "2014",
    DOI =          "10.1038/nature13385"
}

@article{castro,
    author =       "{Rui M.Castro, Mark J.Coates, Robert D.Nowak}",
    title =        "{\emph{Likelihood Based Hierarchical Clustering}}",
    journal =      "IEEE TRANSACTIONS ON SIGNAL PROCESSING",
    volume =       "52",
    number =       "8",
    pages =        "2308-2321",
    year =         "2004",
    DOI =          "10.1109/TSP.2004.831124"
}

@article{sharma,
    author =       "{Alok Sharma*, Keith A. Boroevich, Daichi Shigemizu, Yoichiro Kamatani, Michiaki Kubo and Tatsuhiko Tsunoda}",
    title =        "{\emph{Hierarchical Maximum Likelihood Clustering Approach}}",
    journal =      "IEEE Transactions on Biomedical Engineering",
    year =         "submitted in 2015",
    DOI =          "10.1109/TBME.2016.2542212"
}

@Article{pages,
    author="J.Pagès",
    title="\emph{Analyse Factorielle de données Mixtes}",
    journal="Revue de Statistique Appliquée",
    year="2004",
    volume="52",
    number="4",
    pages="93--111",
    url="http://www.numdam.org/item?id=RSA_2004__52_4_93_0"
}

@article{mullner,
    author =       "{Daniel Müllner}",
    title =        "{\emph{Modern hierarchical, agglomerative clustering algorithms}}",
    journal =      "arXiv",
    year =         "2011",
    DOI =   "arXiv:1109.2378"
}

@article{raftery,
    author =       "{Adrian E.Raftery, Robert E.Kass}",
    title =        "{\emph{Bayes Factors}}",
    journal =      "Journal of the American Statistical Association",
    volume =       "90",
    number =       "430",
    pages =        "773-795",
    year =         "1995",
    DOI =          "10.2307/2291091"
}

@article{bishop,
    author =       "{Christopher M.Bishop}",
    title =        "{\emph{Pattern Recognition and Machine Learning}}",
    journal =      "Springer Science",
    year =         "2006",
    ISBN-13 =   "978-0387-31073-2"
}

@article{murphy,
    author =       "{Kevin P.Murphy}",
    title =        "{\emph{Conjugate Bayesian analysis of the Gaussian distribution}}",
    journal =      "Unpublished",
    year =         "2007",
}

@article{shedden,
    author =       "{Shedden K et al.}",
    title =        "{\emph{Gene expression-based survival prediction in lung adenocarcinoma: a multi-site, blinded validation study}}",
    journal =      "Nature Medicine",
    year =         "2008",
    DOI = "10.1038/nm.1790"
}

@article{annot,
    author =       "{Pagès H, Carlson M, Falcon S and Li N}",
    title =        "{\emph{AnnotationDbi: Annotation Database Interface. R package version 1.40.0.}}",
    journal =      "Bioconductor",
    year =         "2017",
}

@Article{maechler,
    author="Martin Maechler",
    title="\emph{Package "cluster"}",
    journal="CRAN",
    year="last update:2018",
    url="https://cran.r-project.org/web/packages/cluster/cluster.pdf"
}

@Article{burnham,
    author="K.P Burnham, D.R. Anderson",
    title="\emph{Model Selection and Inference: A Practical Information-Theoritical Approach}",
    journal="Springer-Verlag",
    year="1998",
    DOI="https://doi.org/10.1002/sim.769"
}

@ONLINE{source1,
    url="http://archive.ics.uci.edu/ml/datasets.html"
}

@ONLINE{source2,
    url="https://data.world"
}