@article{koutroulis2012new,
  title={A new technique for tracking the global maximum power point of PV arrays operating under partial-shading conditions},
  author={Koutroulis, Eftichios and Blaabjerg, Frede},
  journal={IEEE Journal of Photovoltaics},
  volume={2},
  number={2},
  pages={184--190},
  year={2012},
  publisher={IEEE}
}
